@book{automl,
    editor = {Hutter, Frank and Kotthoff, Lars and Vanschoren, Joaquin},
    note = {In press, available at http://automl.org/book.},
    publisher = {Springer},
    title = {Automatic Machine Learning: Methods, Systems, Challenges},
    year = {2018}
}

@inproceedings{feurer_hyperparameter_2018,
    author = {Feurer, Matthias and Hutter, Frank},
    title = {Hyperparameter Optimization},
    pages = {3-38},
    chapter = {1},
    crossref = {automl}
}

@phdthesis{gal2016uncertainty,
  title={Uncertainty in deep learning},
  author={Gal, Yarin},
  year={2016},
  school={PhD thesis, University of Cambridge}
}
@inproceedings{gal2016dropout,
  title={Dropout as a bayesian approximation: Representing model uncertainty in deep learning},
  author={Gal, Yarin and Ghahramani, Zoubin},
  booktitle={international conference on machine learning},
  pages={1050--1059},
  year={2016}
}
@book{周志华2016机器学习,
  title={机器学习},
  author={周志华},
  year={2016},
  publisher={清华大学出版社}
}
@book{goodfellow2016deep,
  title={Deep learning},
  author={Goodfellow, Ian and Bengio, Yoshua and Courville, Aaron},
  year={2016},
  publisher={MIT press}
}
@book{sutton2018reinforcement,
  title={Reinforcement learning: An introduction},
  author={Sutton, Richard S and Barto, Andrew G},
  year={2018},
  publisher={MIT press}
}
@book{bishop2006pattern,
  title={Pattern recognition and machine learning},
  author={Bishop, Christopher M},
  year={2006},
  publisher={springer}
}
@inproceedings{ranganath2014black,
  title={Black box variational inference},
  author={Ranganath, Rajesh and Gerrish, Sean and Blei, David},
  booktitle={Artificial Intelligence and Statistics},
  pages={814--822},
  year={2014}
}
@article{louis2017areview,
    author = {Louis C. Tiao},
    title = {A Review of Implicit Models in Approximate Bayesian Inference},
    pages = {1-16},
    year = {2017}
}
@article{mohamed2016learning,
  title={Learning in implicit generative models},
  author={Mohamed, Shakir and Lakshminarayanan, Balaji},
  journal={arXiv preprint arXiv:1610.03483},
  year={2016}
}
